@misc{test,
	author			= {Juste Leblanc,},
	title			= {Beautiful title},
	howpublished 	= {\url{http://example.org}}
}

@misc{pbt-jdk7,
	author			= {Pierre Bettens},
	title			= {Java 7 is out, quel est son lot de nouveautés ?},
	howpublished	= {\url{http://blog.namok.be/?post/2011/07/11/jdk7}},
	year			= {juillet 2011}
}

@misc{pbt-jdk9,
	author			= {Pierre Bettens},
	title			= {JDK9, les nouveautés},
	howpublished	= {\url{http://blog.namok.be/?post/2018/03/22/JDK9}},
	year			= {mars 2018}
}

@misc{pbt-jdk11,
	author			= {Pierre Bettens},
	title			= {JDK10, 11 et 12, quelques nouveautés},
	howpublished	= {\url{http://blog.namok.be/?post/2019/04/06/JDK10-11-12}},
	year			= {avril 2019}
}

@misc{testfirst,
	author			= {Don Wells},
	title			= {Code the Unit Test First},
	howpublished	= {\url{http://www.extremeprogramming.org/rules/testfirst.html}},
	year			= {2000}
}

@misc{trivisuels,
	author			= {Marion Videau and David Eck},
	title			= {Les algorithmes de tri},
	howpublished 	= {\url{http://interstices.info/jcms/c_6973/les-algorithmes-de-tri}},
	year			= {2004}
}

@misc{javadoc,
	author			= {Java team},
	title 			= {Java® Platform, Standard Edition \& Java Development Kit
Version 11 API Specification},
	howpublished	= {\url{https://docs.oracle.com/en/java/javase/11/docs/api/index.html}},
	note			= {essai note},
	year			= {2018}

}

@misc{pbt-unicode,
	author			= {Pierre Bettens},
	title			= {Unicode, UTF8, UTF16, UTF32, ... et tutti quanti},
	howpublished	= {\url{http://blog.namok.be/?post/2009/11/30/unicode-UTF8-UTF16-UTF32-et-tutti-quanti}},
	year			= {novembre 2009}
}

@misc{java-codeconv,
	author			= {Java team},
	title			= {Code Conventions for the Java TM Programming Language},
	howpublished	= {\url{https://www.oracle.com/technetwork/java/codeconvtoc-136057.html}},
	year			= {20 avril 1999}
}

@book{jls9,
	author			= {James Gosling and Bill Joy and Guy Steele and Gilad Bracha and Alex Buckley and Daniel Smith},
	title			= {The Java Language Specification. Java SE 9 Edition},
	publisher		= {Oracle America Inc.},
	year			= {2017}
}

@misc{davidsmall1,
	author			= {David Small},
	title			= {Hérésie. Première partie},
	howpublished	= {\url{http://valvassori.free.fr/dave_small/heresie1.php3}},
	year			= {±1990}
}

@misc{davidsmall2,
	author			= {David Small},
	title			= {Hérésie. Deuxième partie},
	howpublished	= {\url{http://valvassori.free.fr/dave_small/heresie2.php3}},
	year			= {±1990}
}

